% Encoding: UTF-8

@inproceedings{elidan2006residual,
  title={Residual belief Propagation: informed scheduling for asynchronous message passing},
  author={Elidan, Gal and McGraw, Ian and Koller, Daphne},
  booktitle={Proceedings of the 22nd Conference on Uncertainty in Artificial Intelligence (UAI 2006)},
  pages={165--173},
  year={2006},
}

@InProceedings{pmlr-v5-gonzalez09a,
  title = 	 {Residual Splash for Optimally Parallelizing Belief Propagation},
  author = 	 {Joseph Gonzalez and Yucheng Low and Carlos Guestrin},
  booktitle = 	 {Proceedings of the 12th International Conference on Artificial Intelligence and Statistics (UAI 2009)},
  pages = 	 {177--184},
  year = 	 {2009},
  volume = 	 {5},
  url = 	 {http://proceedings.mlr.press/v5/gonzalez09a.html},
}

@Article{Bertsekas1983,
    author="Bertsekas, Dimitri",
    title="Distributed asynchronous computation of fixed points",
    journal="Mathematical Programming",
    year="1983",
    volume="27",
    number="1",
    pages="107--120",
    doi="10.1007/BF02591967",
}

@InProceedings{10.1007/978-3-319-23525-7_18,
    author={Knoll, Christian and Rath, Michael and Tschiatschek, Sebastian and Pernkopf, Franz},
    title={Message Scheduling Methods for Belief Propagation},
    booktitle={Machine Learning and Knowledge Discovery in Databases  ({ECML} {PKDD} 2015)},
    year={2015},
    pages={295--310},
}


@inproceedings{Sutton:2007:IDS:3020488.3020534,
 author = {Sutton, Charles and McCallum, Andrew},
 title = {Improved Dynamic Schedules for Belief Propagation},
 booktitle = {Proceedings of the 23rd Conference on Uncertainty in Artificial Intelligence ({UAI 2007})},
 year = {2007},
 pages = {376--383},
} 

